<?xml version="1.0" encoding="UTF-8"?><record xmlns="http://www.loc.gov/MARC21/slim" xmlns:cinclude="http://apache.org/cocoon/include/1.0" xmlns:zs="http://www.loc.gov/zing/srw/">
  <leader>00540nz  a2200133n  4500</leader>
  <controlfield tag="001">no2009130829</controlfield>
  <controlfield tag="003">DLC</controlfield>
  <controlfield tag="005">20090822075519.0</controlfield>
  <controlfield tag="008">090820n| acannaabn          |n aaa     c</controlfield>
  <datafield tag="010" ind1=" " ind2=" ">
    <subfield code="a">no2009130829</subfield>
  </datafield>
  <datafield tag="035" ind1=" " ind2=" ">
    <subfield code="a">(OCoLC)oca08211940</subfield>
  </datafield>
  <datafield tag="040" ind1=" " ind2=" ">
    <subfield code="a">IEN</subfield>
    <subfield code="b">eng</subfield>
    <subfield code="c">IEN</subfield>
  </datafield>
  <datafield tag="100" ind1="1" ind2=" ">
    <subfield code="a">Catanese, Charles Alfred</subfield>
  </datafield>
  <datafield tag="670" ind1=" " ind2=" ">
    <subfield code="a">Case studies of the post-traumatic effects of the Pan Am-KLM aviation disaster in the Canary Islands, 1979:</subfield>
    <subfield code="b">t.p. (Charles Alfred Catanese, Ph.D. in professional psychology, School of Human Behavior, United States International University)</subfield>
  </datafield>
</record>